%YAML 1.1
%TAG !u! tag:unity3d.com,2011:
--- !u!1 &798315549
GameObject:
  m_ObjectHideFlags: 0
  m_CorrespondingSourceObject: {fileID: 0}
  m_PrefabInstance: {fileID: 0}
  m_PrefabAsset: {fileID: 0}
  serializedVersion: 6
  m_Component:
  - component: {fileID: 798315555}
  - component: {fileID: 798315554}
  - component: {fileID: 798315553}
  - component: {fileID: 798315552}
  - component: {fileID: 798315551}
  - component: {fileID: 798315550}
  m_Layer: 10
  m_Name: Door Frame
  m_TagString: Untagged
  m_Icon: {fileID: 0}
  m_NavMeshLayer: 0
  m_StaticEditorFlags: 0
  m_IsActive: 1
--- !u!4 &798315555
Transform:
  m_ObjectHideFlags: 0
  m_CorrespondingSourceObject: {fileID: 0}
  m_PrefabInstance: {fileID: 0}
  m_PrefabAsset: {fileID: 0}
  m_GameObject: {fileID: 798315549}
  m_LocalRotation: {x: -0.000034596713, y: -0.99999356, z: -0.0000100061925, w: 0.0036042035}
  m_LocalPosition: {x: -3.7573524, y: 1.55, z: 1.0632395}
  m_LocalScale: {x: 1, y: 0.8831112, z: 1}
  m_Children: []
  m_Father: {fileID: 2965424444172127013}
  m_RootOrder: 3
  m_LocalEulerAnglesHint: {x: -0.001, y: -48.707, z: 0.004}
--- !u!114 &798315554
MonoBehaviour:
  m_ObjectHideFlags: 0
  m_CorrespondingSourceObject: {fileID: 0}
  m_PrefabInstance: {fileID: 0}
  m_PrefabAsset: {fileID: 0}
  m_GameObject: {fileID: 798315549}
  m_Enabled: 1
  m_EditorHideFlags: 0
  m_Script: {fileID: 11500000, guid: 8233d90336aea43098adf6dbabd606a2, type: 3}
  m_Name: 
  m_EditorClassIdentifier: 
  m_MeshFormatVersion: 2
  m_Faces:
  - m_Indexes: 000000000100000002000000010000000300000002000000
    m_SmoothingGroup: 0
    m_Uv:
      m_UseWorldSpace: 0
      m_FlipU: 0
      m_FlipV: 0
      m_SwapUV: 0
      m_Fill: 1
      m_Scale: {x: 1, y: 1}
      m_Offset: {x: 0, y: 0}
      m_Rotation: 0
      m_Anchor: 9
    m_Material: {fileID: 0}
    m_SubmeshIndex: 0
    m_ManualUV: 0
    elementGroup: -1
    m_TextureGroup: -1
  - m_Indexes: 040000000500000006000000050000000700000006000000
    m_SmoothingGroup: 0
    m_Uv:
      m_UseWorldSpace: 0
      m_FlipU: 0
      m_FlipV: 0
      m_SwapUV: 0
      m_Fill: 1
      m_Scale: {x: 1, y: 1}
      m_Offset: {x: 0, y: 0}
      m_Rotation: 0
      m_Anchor: 9
    m_Material: {fileID: 0}
    m_SubmeshIndex: 0
    m_ManualUV: 0
    elementGroup: -1
    m_TextureGroup: -1
  - m_Indexes: 08000000090000000a000000090000000b0000000a000000
    m_SmoothingGroup: 0
    m_Uv:
      m_UseWorldSpace: 0
      m_FlipU: 0
      m_FlipV: 0
      m_SwapUV: 0
      m_Fill: 1
      m_Scale: {x: 1, y: 1}
      m_Offset: {x: 0, y: 0}
      m_Rotation: 0
      m_Anchor: 9
    m_Material: {fileID: 0}
    m_SubmeshIndex: 0
    m_ManualUV: 0
    elementGroup: -1
    m_TextureGroup: -1
  - m_Indexes: 0c0000000d0000000e0000000d0000000f0000000e000000
    m_SmoothingGroup: 0
    m_Uv:
      m_UseWorldSpace: 0
      m_FlipU: 0
      m_FlipV: 0
      m_SwapUV: 0
      m_Fill: 1
      m_Scale: {x: 1, y: 1}
      m_Offset: {x: 0, y: 0}
      m_Rotation: 0
      m_Anchor: 9
    m_Material: {fileID: 0}
    m_SubmeshIndex: 0
    m_ManualUV: 0
    elementGroup: -1
    m_TextureGroup: -1
  - m_Indexes: 100000001100000012000000110000001300000012000000
    m_SmoothingGroup: 0
    m_Uv:
      m_UseWorldSpace: 0
      m_FlipU: 0
      m_FlipV: 0
      m_SwapUV: 0
      m_Fill: 1
      m_Scale: {x: 1, y: 1}
      m_Offset: {x: 0, y: 0}
      m_Rotation: 0
      m_Anchor: 9
    m_Material: {fileID: 0}
    m_SubmeshIndex: 0
    m_ManualUV: 0
    elementGroup: -1
    m_TextureGroup: -1
  - m_Indexes: 140000001500000016000000150000001700000016000000
    m_SmoothingGroup: 0
    m_Uv:
      m_UseWorldSpace: 0
      m_FlipU: 0
      m_FlipV: 0
      m_SwapUV: 0
      m_Fill: 1
      m_Scale: {x: 1, y: 1}
      m_Offset: {x: 0, y: 0}
      m_Rotation: 0
      m_Anchor: 9
    m_Material: {fileID: 0}
    m_SubmeshIndex: 0
    m_ManualUV: 0
    elementGroup: -1
    m_TextureGroup: -1
  m_SharedVertices:
  - m_Vertices: 000000000d00000016000000
  - m_Vertices: 010000000400000017000000
  - m_Vertices: 020000000f00000010000000
  - m_Vertices: 030000000600000011000000
  - m_Vertices: 050000000800000015000000
  - m_Vertices: 070000000a00000013000000
  - m_Vertices: 090000000c00000014000000
  - m_Vertices: 0b0000000e00000012000000
  m_SharedTextures: []
  m_Positions:
  - {x: -0.13222313, y: -1.3253835, z: 0.54130006}
  - {x: 0.13222313, y: -1.3253835, z: 0.5412998}
  - {x: -0.13222313, y: 1.3253835, z: 0.54130006}
  - {x: 0.13222313, y: 1.3253835, z: 0.5413003}
  - {x: 0.13222313, y: -1.3253835, z: 0.5412998}
  - {x: 0.13222313, y: -1.3253835, z: -0.5413003}
  - {x: 0.13222313, y: 1.3253835, z: 0.5413003}
  - {x: 0.13222313, y: 1.3253835, z: -0.5412998}
  - {x: 0.13222313, y: -1.3253835, z: -0.5413003}
  - {x: -0.13222313, y: -1.3253835, z: -0.54130006}
  - {x: 0.13222313, y: 1.3253835, z: -0.5412998}
  - {x: -0.13222313, y: 1.3253835, z: -0.54130006}
  - {x: -0.13222313, y: -1.3253835, z: -0.54130006}
  - {x: -0.13222313, y: -1.3253835, z: 0.54130006}
  - {x: -0.13222313, y: 1.3253835, z: -0.54130006}
  - {x: -0.13222313, y: 1.3253835, z: 0.54130006}
  - {x: -0.13222313, y: 1.3253835, z: 0.54130006}
  - {x: 0.13222313, y: 1.3253835, z: 0.5413003}
  - {x: -0.13222313, y: 1.3253835, z: -0.54130006}
  - {x: 0.13222313, y: 1.3253835, z: -0.5412998}
  - {x: -0.13222313, y: -1.3253835, z: -0.54130006}
  - {x: 0.13222313, y: -1.3253835, z: -0.5413003}
  - {x: -0.13222313, y: -1.3253835, z: 0.54130006}
  - {x: 0.13222313, y: -1.3253835, z: 0.5412998}
  m_Textures0:
  - {x: 0.13222362, y: -1.3253835}
  - {x: -0.13222264, y: -1.3253835}
  - {x: 0.13222362, y: 1.3253835}
  - {x: -0.13222264, y: 1.3253835}
  - {x: 0.5412998, y: -1.3253835}
  - {x: -0.5413003, y: -1.3253835}
  - {x: 0.5413003, y: 1.3253835}
  - {x: -0.5412998, y: 1.3253835}
  - {x: 0.13222362, y: -1.3253837}
  - {x: -0.13222264, y: -1.3253837}
  - {x: 0.13222362, y: 1.3253834}
  - {x: -0.13222264, y: 1.3253834}
  - {x: 0.54130006, y: -1.3253835}
  - {x: -0.54130006, y: -1.3253835}
  - {x: 0.54130006, y: 1.3253835}
  - {x: -0.54130006, y: 1.3253835}
  - {x: -0.13222313, y: 0.54130006}
  - {x: 0.13222313, y: 0.5413003}
  - {x: -0.13222313, y: -0.54130006}
  - {x: 0.13222313, y: -0.5412998}
  - {x: 0.13222313, y: -0.54130006}
  - {x: -0.13222313, y: -0.5413003}
  - {x: 0.13222313, y: 0.54130006}
  - {x: -0.13222313, y: 0.5412998}
  m_Textures2: []
  m_Textures3: []
  m_Tangents:
  - {x: -1, y: 0, z: 0.0000009015767, w: -1}
  - {x: -1, y: 0, z: 0, w: -1}
  - {x: -1, y: 0, z: 0, w: -1}
  - {x: -1, y: 1.0225363e-20, z: -0.0000009015767, w: -1}
  - {x: 0, y: 0, z: 1, w: -1}
  - {x: 0, y: 0, z: 1, w: -1}
  - {x: 0, y: 0, z: 1, w: -1}
  - {x: 0, y: 0, z: 1, w: -1}
  - {x: 1, y: 1.0225363e-20, z: -0.0000009015767, w: -1}
  - {x: 1, y: 0, z: 0, w: -1}
  - {x: 1, y: 0, z: 0, w: -1}
  - {x: 1, y: 0, z: 0.0000009015767, w: -1}
  - {x: 0, y: 0, z: -1, w: -1}
  - {x: 0, y: 0, z: -1, w: -1}
  - {x: 0, y: 0, z: -1, w: -1}
  - {x: 0, y: 0, z: -1, w: -1}
  - {x: 1, y: 0, z: 0, w: -1}
  - {x: 1, y: 0, z: 0, w: -1}
  - {x: 1, y: 0, z: 0, w: -1}
  - {x: 1, y: 0, z: 0, w: -1}
  - {x: -1, y: 0, z: 0, w: -1}
  - {x: -1, y: 0, z: 0, w: -1}
  - {x: -1, y: 0, z: 0, w: -1}
  - {x: -1, y: 0, z: 0, w: -1}
  m_Colors:
  - {r: 0.72305524, g: 0.47463638, b: 0.049341846, a: 1}
  - {r: 0.72305524, g: 0.47463638, b: 0.049341846, a: 1}
  - {r: 0.72305524, g: 0.47463638, b: 0.049341846, a: 1}
  - {r: 0.72305524, g: 0.47463638, b: 0.049341846, a: 1}
  - {r: 0.72305524, g: 0.47463638, b: 0.049341846, a: 1}
  - {r: 0.72305524, g: 0.47463638, b: 0.049341846, a: 1}
  - {r: 0.72305524, g: 0.47463638, b: 0.049341846, a: 1}
  - {r: 0.72305524, g: 0.47463638, b: 0.049341846, a: 1}
  - {r: 0.72305524, g: 0.47463638, b: 0.049341846, a: 1}
  - {r: 0.72305524, g: 0.47463638, b: 0.049341846, a: 1}
  - {r: 0.72305524, g: 0.47463638, b: 0.049341846, a: 1}
  - {r: 0.72305524, g: 0.47463638, b: 0.049341846, a: 1}
  - {r: 0.72305524, g: 0.47463638, b: 0.049341846, a: 1}
  - {r: 0.72305524, g: 0.47463638, b: 0.049341846, a: 1}
  - {r: 0.72305524, g: 0.47463638, b: 0.049341846, a: 1}
  - {r: 0.72305524, g: 0.47463638, b: 0.049341846, a: 1}
  - {r: 0.72305524, g: 0.47463638, b: 0.049341846, a: 1}
  - {r: 0.72305524, g: 0.47463638, b: 0.049341846, a: 1}
  - {r: 0.72305524, g: 0.47463638, b: 0.049341846, a: 1}
  - {r: 0.72305524, g: 0.47463638, b: 0.049341846, a: 1}
  - {r: 0.72305524, g: 0.47463638, b: 0.049341846, a: 1}
  - {r: 0.72305524, g: 0.47463638, b: 0.049341846, a: 1}
  - {r: 0.72305524, g: 0.47463638, b: 0.049341846, a: 1}
  - {r: 0.72305524, g: 0.47463638, b: 0.049341846, a: 1}
  m_UnwrapParameters:
    m_HardAngle: 88
    m_PackMargin: 20
    m_AngleError: 8
    m_AreaError: 15
  m_PreserveMeshAssetOnDestroy: 0
  assetGuid: 
  m_Mesh: {fileID: 0}
  m_VersionIndex: 1793
  m_IsSelectable: 1
  m_SelectedFaces: 
  m_SelectedEdges: []
  m_SelectedVertices: 
--- !u!114 &798315553
MonoBehaviour:
  m_ObjectHideFlags: 0
  m_CorrespondingSourceObject: {fileID: 0}
  m_PrefabInstance: {fileID: 0}
  m_PrefabAsset: {fileID: 0}
  m_GameObject: {fileID: 798315549}
  m_Enabled: 1
  m_EditorHideFlags: 0
  m_Script: {fileID: 11500000, guid: 1ca002da428252441b92f28d83c8a65f, type: 3}
  m_Name: 
  m_EditorClassIdentifier: 
  m_Shape:
    id: 0
  m_Size: {x: -1.7581482, y: 2.650767, z: -1.0826001}
  m_Rotation: {x: 0, y: 0, z: 0, w: 1}
  m_PivotLocation: 0
  m_PivotPosition: {x: 0, y: 0, z: 0}
  m_UnmodifiedMeshVersion: 1644
  m_ShapeBox:
    m_Center: {x: 0, y: 0, z: 0}
    m_Extent: {x: 0.8790741, y: 1.3253835, z: 0.54130006}
  references:
    version: 1
    00000000:
      type: {class: Cube, ns: UnityEngine.ProBuilder.Shapes, asm: Unity.ProBuilder}
--- !u!23 &798315552
MeshRenderer:
  m_ObjectHideFlags: 0
  m_CorrespondingSourceObject: {fileID: 0}
  m_PrefabInstance: {fileID: 0}
  m_PrefabAsset: {fileID: 0}
  m_GameObject: {fileID: 798315549}
  m_Enabled: 1
  m_CastShadows: 1
  m_ReceiveShadows: 1
  m_DynamicOccludee: 1
  m_StaticShadowCaster: 0
  m_MotionVectors: 1
  m_LightProbeUsage: 1
  m_ReflectionProbeUsage: 1
  m_RayTracingMode: 2
  m_RayTraceProcedural: 0
  m_RenderingLayerMask: 257
  m_RendererPriority: 0
  m_Materials:
  - {fileID: 2100000, guid: 046d63d2ab45d4a268ad613744852fc9, type: 2}
  m_StaticBatchInfo:
    firstSubMesh: 0
    subMeshCount: 0
  m_StaticBatchRoot: {fileID: 0}
  m_ProbeAnchor: {fileID: 0}
  m_LightProbeVolumeOverride: {fileID: 0}
  m_ScaleInLightmap: 1
  m_ReceiveGI: 1
  m_PreserveUVs: 0
  m_IgnoreNormalsForChartDetection: 0
  m_ImportantGI: 0
  m_StitchLightmapSeams: 1
  m_SelectedEditorRenderState: 2
  m_MinimumChartSize: 4
  m_AutoUVMaxDistance: 0.5
  m_AutoUVMaxAngle: 89
  m_LightmapParameters: {fileID: 0}
  m_SortingLayerID: 0
  m_SortingLayer: 0
  m_SortingOrder: 0
  m_AdditionalVertexStreams: {fileID: 0}
--- !u!33 &798315551
MeshFilter:
  m_ObjectHideFlags: 0
  m_CorrespondingSourceObject: {fileID: 0}
  m_PrefabInstance: {fileID: 0}
  m_PrefabAsset: {fileID: 0}
  m_GameObject: {fileID: 798315549}
  m_Mesh: {fileID: 0}
--- !u!64 &798315550
MeshCollider:
  m_ObjectHideFlags: 0
  m_CorrespondingSourceObject: {fileID: 0}
  m_PrefabInstance: {fileID: 0}
  m_PrefabAsset: {fileID: 0}
  m_GameObject: {fileID: 798315549}
  m_Material: {fileID: 0}
  m_IsTrigger: 0
  m_Enabled: 1
  serializedVersion: 4
  m_Convex: 0
  m_CookingOptions: 30
  m_Mesh: {fileID: 0}
--- !u!1 &1321730692
GameObject:
  m_ObjectHideFlags: 0
  m_CorrespondingSourceObject: {fileID: 0}
  m_PrefabInstance: {fileID: 0}
  m_PrefabAsset: {fileID: 0}
  serializedVersion: 6
  m_Component:
  - component: {fileID: 1321730698}
  - component: {fileID: 1321730697}
  - component: {fileID: 1321730696}
  - component: {fileID: 1321730695}
  - component: {fileID: 1321730694}
  - component: {fileID: 1321730693}
  m_Layer: 10
  m_Name: Door Frame2
  m_TagString: Untagged
  m_Icon: {fileID: 0}
  m_NavMeshLayer: 0
  m_StaticEditorFlags: 0
  m_IsActive: 1
--- !u!4 &1321730698
Transform:
  m_ObjectHideFlags: 0
  m_CorrespondingSourceObject: {fileID: 0}
  m_PrefabInstance: {fileID: 0}
  m_PrefabAsset: {fileID: 0}
  m_GameObject: {fileID: 1321730692}
  m_LocalRotation: {x: -0.000034596713, y: -0.99999356, z: -0.0000100061925, w: 0.0036042035}
  m_LocalPosition: {x: -3.7584097, y: 1.55, z: -1.0379803}
  m_LocalScale: {x: 1, y: 0.8831112, z: 1}
  m_Children: []
  m_Father: {fileID: 2965424444172127013}
  m_RootOrder: 4
  m_LocalEulerAnglesHint: {x: -0.001, y: -48.707, z: 0.004}
--- !u!114 &1321730697
MonoBehaviour:
  m_ObjectHideFlags: 0
  m_CorrespondingSourceObject: {fileID: 0}
  m_PrefabInstance: {fileID: 0}
  m_PrefabAsset: {fileID: 0}
  m_GameObject: {fileID: 1321730692}
  m_Enabled: 1
  m_EditorHideFlags: 0
  m_Script: {fileID: 11500000, guid: 8233d90336aea43098adf6dbabd606a2, type: 3}
  m_Name: 
  m_EditorClassIdentifier: 
  m_MeshFormatVersion: 2
  m_Faces:
  - m_Indexes: 000000000100000002000000010000000300000002000000
    m_SmoothingGroup: 0
    m_Uv:
      m_UseWorldSpace: 0
      m_FlipU: 0
      m_FlipV: 0
      m_SwapUV: 0
      m_Fill: 1
      m_Scale: {x: 1, y: 1}
      m_Offset: {x: 0, y: 0}
      m_Rotation: 0
      m_Anchor: 9
    m_Material: {fileID: 0}
    m_SubmeshIndex: 0
    m_ManualUV: 0
    elementGroup: -1
    m_TextureGroup: -1
  - m_Indexes: 040000000500000006000000050000000700000006000000
    m_SmoothingGroup: 0
    m_Uv:
      m_UseWorldSpace: 0
      m_FlipU: 0
      m_FlipV: 0
      m_SwapUV: 0
      m_Fill: 1
      m_Scale: {x: 1, y: 1}
      m_Offset: {x: 0, y: 0}
      m_Rotation: 0
      m_Anchor: 9
    m_Material: {fileID: 0}
    m_SubmeshIndex: 0
    m_ManualUV: 0
    elementGroup: -1
    m_TextureGroup: -1
  - m_Indexes: 08000000090000000a000000090000000b0000000a000000
    m_SmoothingGroup: 0
    m_Uv:
      m_UseWorldSpace: 0
      m_FlipU: 0
      m_FlipV: 0
      m_SwapUV: 0
      m_Fill: 1
      m_Scale: {x: 1, y: 1}
      m_Offset: {x: 0, y: 0}
      m_Rotation: 0
      m_Anchor: 9
    m_Material: {fileID: 0}
    m_SubmeshIndex: 0
    m_ManualUV: 0
    elementGroup: -1
    m_TextureGroup: -1
  - m_Indexes: 0c0000000d0000000e0000000d0000000f0000000e000000
    m_SmoothingGroup: 0
    m_Uv:
      m_UseWorldSpace: 0
      m_FlipU: 0
      m_FlipV: 0
      m_SwapUV: 0
      m_Fill: 1
      m_Scale: {x: 1, y: 1}
      m_Offset: {x: 0, y: 0}
      m_Rotation: 0
      m_Anchor: 9
    m_Material: {fileID: 0}
    m_SubmeshIndex: 0
    m_ManualUV: 0
    elementGroup: -1
    m_TextureGroup: -1
  - m_Indexes: 100000001100000012000000110000001300000012000000
    m_SmoothingGroup: 0
    m_Uv:
      m_UseWorldSpace: 0
      m_FlipU: 0
      m_FlipV: 0
      m_SwapUV: 0
      m_Fill: 1
      m_Scale: {x: 1, y: 1}
      m_Offset: {x: 0, y: 0}
      m_Rotation: 0
      m_Anchor: 9
    m_Material: {fileID: 0}
    m_SubmeshIndex: 0
    m_ManualUV: 0
    elementGroup: -1
    m_TextureGroup: -1
  - m_Indexes: 140000001500000016000000150000001700000016000000
    m_SmoothingGroup: 0
    m_Uv:
      m_UseWorldSpace: 0
      m_FlipU: 0
      m_FlipV: 0
      m_SwapUV: 0
      m_Fill: 1
      m_Scale: {x: 1, y: 1}
      m_Offset: {x: 0, y: 0}
      m_Rotation: 0
      m_Anchor: 9
    m_Material: {fileID: 0}
    m_SubmeshIndex: 0
    m_ManualUV: 0
    elementGroup: -1
    m_TextureGroup: -1
  m_SharedVertices:
  - m_Vertices: 000000000d00000016000000
  - m_Vertices: 010000000400000017000000
  - m_Vertices: 020000000f00000010000000
  - m_Vertices: 030000000600000011000000
  - m_Vertices: 050000000800000015000000
  - m_Vertices: 070000000a00000013000000
  - m_Vertices: 090000000c00000014000000
  - m_Vertices: 0b0000000e00000012000000
  m_SharedTextures: []
  m_Positions:
  - {x: -0.13222313, y: -1.3253835, z: 0.54130006}
  - {x: 0.13222313, y: -1.3253835, z: 0.5412998}
  - {x: -0.13222313, y: 1.3253835, z: 0.54130006}
  - {x: 0.13222313, y: 1.3253835, z: 0.5413003}
  - {x: 0.13222313, y: -1.3253835, z: 0.5412998}
  - {x: 0.13222313, y: -1.3253835, z: -0.5413003}
  - {x: 0.13222313, y: 1.3253835, z: 0.5413003}
  - {x: 0.13222313, y: 1.3253835, z: -0.5412998}
  - {x: 0.13222313, y: -1.3253835, z: -0.5413003}
  - {x: -0.13222313, y: -1.3253835, z: -0.54130006}
  - {x: 0.13222313, y: 1.3253835, z: -0.5412998}
  - {x: -0.13222313, y: 1.3253835, z: -0.54130006}
  - {x: -0.13222313, y: -1.3253835, z: -0.54130006}
  - {x: -0.13222313, y: -1.3253835, z: 0.54130006}
  - {x: -0.13222313, y: 1.3253835, z: -0.54130006}
  - {x: -0.13222313, y: 1.3253835, z: 0.54130006}
  - {x: -0.13222313, y: 1.3253835, z: 0.54130006}
  - {x: 0.13222313, y: 1.3253835, z: 0.5413003}
  - {x: -0.13222313, y: 1.3253835, z: -0.54130006}
  - {x: 0.13222313, y: 1.3253835, z: -0.5412998}
  - {x: -0.13222313, y: -1.3253835, z: -0.54130006}
  - {x: 0.13222313, y: -1.3253835, z: -0.5413003}
  - {x: -0.13222313, y: -1.3253835, z: 0.54130006}
  - {x: 0.13222313, y: -1.3253835, z: 0.5412998}
  m_Textures0:
  - {x: 0.13222362, y: -1.3253835}
  - {x: -0.13222264, y: -1.3253835}
  - {x: 0.13222362, y: 1.3253835}
  - {x: -0.13222264, y: 1.3253835}
  - {x: 0.5412998, y: -1.3253835}
  - {x: -0.5413003, y: -1.3253835}
  - {x: 0.5413003, y: 1.3253835}
  - {x: -0.5412998, y: 1.3253835}
  - {x: 0.13222362, y: -1.3253837}
  - {x: -0.13222264, y: -1.3253837}
  - {x: 0.13222362, y: 1.3253834}
  - {x: -0.13222264, y: 1.3253834}
  - {x: 0.54130006, y: -1.3253835}
  - {x: -0.54130006, y: -1.3253835}
  - {x: 0.54130006, y: 1.3253835}
  - {x: -0.54130006, y: 1.3253835}
  - {x: -0.13222313, y: 0.54130006}
  - {x: 0.13222313, y: 0.5413003}
  - {x: -0.13222313, y: -0.54130006}
  - {x: 0.13222313, y: -0.5412998}
  - {x: 0.13222313, y: -0.54130006}
  - {x: -0.13222313, y: -0.5413003}
  - {x: 0.13222313, y: 0.54130006}
  - {x: -0.13222313, y: 0.5412998}
  m_Textures2: []
  m_Textures3: []
  m_Tangents:
  - {x: -1, y: 0, z: 0.0000009015767, w: -1}
  - {x: -1, y: 0, z: 0, w: -1}
  - {x: -1, y: 0, z: 0, w: -1}
  - {x: -1, y: 1.0225363e-20, z: -0.0000009015767, w: -1}
  - {x: 0, y: 0, z: 1, w: -1}
  - {x: 0, y: 0, z: 1, w: -1}
  - {x: 0, y: 0, z: 1, w: -1}
  - {x: 0, y: 0, z: 1, w: -1}
  - {x: 1, y: 1.0225363e-20, z: -0.0000009015767, w: -1}
  - {x: 1, y: 0, z: 0, w: -1}
  - {x: 1, y: 0, z: 0, w: -1}
  - {x: 1, y: 0, z: 0.0000009015767, w: -1}
  - {x: 0, y: 0, z: -1, w: -1}
  - {x: 0, y: 0, z: -1, w: -1}
  - {x: 0, y: 0, z: -1, w: -1}
  - {x: 0, y: 0, z: -1, w: -1}
  - {x: 1, y: 0, z: 0, w: -1}
  - {x: 1, y: 0, z: 0, w: -1}
  - {x: 1, y: 0, z: 0, w: -1}
  - {x: 1, y: 0, z: 0, w: -1}
  - {x: -1, y: 0, z: 0, w: -1}
  - {x: -1, y: 0, z: 0, w: -1}
  - {x: -1, y: 0, z: 0, w: -1}
  - {x: -1, y: 0, z: 0, w: -1}
  m_Colors:
  - {r: 0.72305524, g: 0.47463638, b: 0.049341846, a: 1}
  - {r: 0.72305524, g: 0.47463638, b: 0.049341846, a: 1}
  - {r: 0.72305524, g: 0.47463638, b: 0.049341846, a: 1}
  - {r: 0.72305524, g: 0.47463638, b: 0.049341846, a: 1}
  - {r: 0.72305524, g: 0.47463638, b: 0.049341846, a: 1}
  - {r: 0.72305524, g: 0.47463638, b: 0.049341846, a: 1}
  - {r: 0.72305524, g: 0.47463638, b: 0.049341846, a: 1}
  - {r: 0.72305524, g: 0.47463638, b: 0.049341846, a: 1}
  - {r: 0.72305524, g: 0.47463638, b: 0.049341846, a: 1}
  - {r: 0.72305524, g: 0.47463638, b: 0.049341846, a: 1}
  - {r: 0.72305524, g: 0.47463638, b: 0.049341846, a: 1}
  - {r: 0.72305524, g: 0.47463638, b: 0.049341846, a: 1}
  - {r: 0.72305524, g: 0.47463638, b: 0.049341846, a: 1}
  - {r: 0.72305524, g: 0.47463638, b: 0.049341846, a: 1}
  - {r: 0.72305524, g: 0.47463638, b: 0.049341846, a: 1}
  - {r: 0.72305524, g: 0.47463638, b: 0.049341846, a: 1}
  - {r: 0.72305524, g: 0.47463638, b: 0.049341846, a: 1}
  - {r: 0.72305524, g: 0.47463638, b: 0.049341846, a: 1}
  - {r: 0.72305524, g: 0.47463638, b: 0.049341846, a: 1}
  - {r: 0.72305524, g: 0.47463638, b: 0.049341846, a: 1}
  - {r: 0.72305524, g: 0.47463638, b: 0.049341846, a: 1}
  - {r: 0.72305524, g: 0.47463638, b: 0.049341846, a: 1}
  - {r: 0.72305524, g: 0.47463638, b: 0.049341846, a: 1}
  - {r: 0.72305524, g: 0.47463638, b: 0.049341846, a: 1}
  m_UnwrapParameters:
    m_HardAngle: 88
    m_PackMargin: 20
    m_AngleError: 8
    m_AreaError: 15
  m_PreserveMeshAssetOnDestroy: 0
  assetGuid: 
  m_Mesh: {fileID: 0}
  m_VersionIndex: 1796
  m_IsSelectable: 1
  m_SelectedFaces: 
  m_SelectedEdges: []
  m_SelectedVertices: 
--- !u!114 &1321730696
MonoBehaviour:
  m_ObjectHideFlags: 0
  m_CorrespondingSourceObject: {fileID: 0}
  m_PrefabInstance: {fileID: 0}
  m_PrefabAsset: {fileID: 0}
  m_GameObject: {fileID: 1321730692}
  m_Enabled: 1
  m_EditorHideFlags: 0
  m_Script: {fileID: 11500000, guid: 1ca002da428252441b92f28d83c8a65f, type: 3}
  m_Name: 
  m_EditorClassIdentifier: 
  m_Shape:
    id: 0
  m_Size: {x: -1.7581482, y: 2.650767, z: -1.0826001}
  m_Rotation: {x: 0, y: 0, z: 0, w: 1}
  m_PivotLocation: 0
  m_PivotPosition: {x: 0, y: 0, z: 0}
  m_UnmodifiedMeshVersion: 1644
  m_ShapeBox:
    m_Center: {x: 0, y: 0, z: 0}
    m_Extent: {x: 0.8790741, y: 1.3253835, z: 0.54130006}
  references:
    version: 1
    00000000:
      type: {class: Cube, ns: UnityEngine.ProBuilder.Shapes, asm: Unity.ProBuilder}
--- !u!23 &1321730695
MeshRenderer:
  m_ObjectHideFlags: 0
  m_CorrespondingSourceObject: {fileID: 0}
  m_PrefabInstance: {fileID: 0}
  m_PrefabAsset: {fileID: 0}
  m_GameObject: {fileID: 1321730692}
  m_Enabled: 1
  m_CastShadows: 1
  m_ReceiveShadows: 1
  m_DynamicOccludee: 1
  m_StaticShadowCaster: 0
  m_MotionVectors: 1
  m_LightProbeUsage: 1
  m_ReflectionProbeUsage: 1
  m_RayTracingMode: 2
  m_RayTraceProcedural: 0
  m_RenderingLayerMask: 257
  m_RendererPriority: 0
  m_Materials:
  - {fileID: 2100000, guid: 046d63d2ab45d4a268ad613744852fc9, type: 2}
  m_StaticBatchInfo:
    firstSubMesh: 0
    subMeshCount: 0
  m_StaticBatchRoot: {fileID: 0}
  m_ProbeAnchor: {fileID: 0}
  m_LightProbeVolumeOverride: {fileID: 0}
  m_ScaleInLightmap: 1
  m_ReceiveGI: 1
  m_PreserveUVs: 0
  m_IgnoreNormalsForChartDetection: 0
  m_ImportantGI: 0
  m_StitchLightmapSeams: 1
  m_SelectedEditorRenderState: 2
  m_MinimumChartSize: 4
  m_AutoUVMaxDistance: 0.5
  m_AutoUVMaxAngle: 89
  m_LightmapParameters: {fileID: 0}
  m_SortingLayerID: 0
  m_SortingLayer: 0
  m_SortingOrder: 0
  m_AdditionalVertexStreams: {fileID: 0}
--- !u!33 &1321730694
MeshFilter:
  m_ObjectHideFlags: 0
  m_CorrespondingSourceObject: {fileID: 0}
  m_PrefabInstance: {fileID: 0}
  m_PrefabAsset: {fileID: 0}
  m_GameObject: {fileID: 1321730692}
  m_Mesh: {fileID: 0}
--- !u!64 &1321730693
MeshCollider:
  m_ObjectHideFlags: 0
  m_CorrespondingSourceObject: {fileID: 0}
  m_PrefabInstance: {fileID: 0}
  m_PrefabAsset: {fileID: 0}
  m_GameObject: {fileID: 1321730692}
  m_Material: {fileID: 0}
  m_IsTrigger: 0
  m_Enabled: 1
  serializedVersion: 4
  m_Convex: 0
  m_CookingOptions: 30
  m_Mesh: {fileID: 0}
--- !u!1 &819922722965011698
GameObject:
  m_ObjectHideFlags: 0
  m_CorrespondingSourceObject: {fileID: 0}
  m_PrefabInstance: {fileID: 0}
  m_PrefabAsset: {fileID: 0}
  serializedVersion: 6
  m_Component:
  - component: {fileID: 3319510128192155141}
  - component: {fileID: 6950362556173270861}
  - component: {fileID: 2774828793644885270}
  - component: {fileID: 3363613531282268759}
  m_Layer: 10
  m_Name: Stairs
  m_TagString: Untagged
  m_Icon: {fileID: 0}
  m_NavMeshLayer: 0
  m_StaticEditorFlags: 4294967295
  m_IsActive: 1
--- !u!4 &3319510128192155141
Transform:
  m_ObjectHideFlags: 0
  m_CorrespondingSourceObject: {fileID: 0}
  m_PrefabInstance: {fileID: 0}
  m_PrefabAsset: {fileID: 0}
  m_GameObject: {fileID: 819922722965011698}
  m_LocalRotation: {x: -0.7071068, y: 0, z: -0, w: 0.7071067}
  m_LocalPosition: {x: -4.165637, y: 0.2987667, z: 0.0004975193}
  m_LocalScale: {x: 100, y: 100, z: 100}
  m_Children: []
  m_Father: {fileID: 2965424444172127013}
  m_RootOrder: 1
  m_LocalEulerAnglesHint: {x: 0, y: 0, z: 0}
--- !u!33 &6950362556173270861
MeshFilter:
  m_ObjectHideFlags: 0
  m_CorrespondingSourceObject: {fileID: 0}
  m_PrefabInstance: {fileID: 0}
  m_PrefabAsset: {fileID: 0}
  m_GameObject: {fileID: 819922722965011698}
  m_Mesh: {fileID: 4104380202958562290, guid: 95bbddc687402df4eb52a407b4501a12, type: 3}
--- !u!23 &2774828793644885270
MeshRenderer:
  m_ObjectHideFlags: 0
  m_CorrespondingSourceObject: {fileID: 0}
  m_PrefabInstance: {fileID: 0}
  m_PrefabAsset: {fileID: 0}
  m_GameObject: {fileID: 819922722965011698}
  m_Enabled: 1
  m_CastShadows: 1
  m_ReceiveShadows: 1
  m_DynamicOccludee: 1
  m_StaticShadowCaster: 0
  m_MotionVectors: 1
  m_LightProbeUsage: 1
  m_ReflectionProbeUsage: 1
  m_RayTracingMode: 2
  m_RayTraceProcedural: 0
  m_RenderingLayerMask: 1
  m_RendererPriority: 0
  m_Materials:
  - {fileID: 2100000, guid: 32d96e0b46de1184e838184cf2eb206b, type: 2}
  m_StaticBatchInfo:
    firstSubMesh: 0
    subMeshCount: 0
  m_StaticBatchRoot: {fileID: 0}
  m_ProbeAnchor: {fileID: 0}
  m_LightProbeVolumeOverride: {fileID: 0}
  m_ScaleInLightmap: 1
  m_ReceiveGI: 1
  m_PreserveUVs: 0
  m_IgnoreNormalsForChartDetection: 0
  m_ImportantGI: 0
  m_StitchLightmapSeams: 1
  m_SelectedEditorRenderState: 3
  m_MinimumChartSize: 4
  m_AutoUVMaxDistance: 0.5
  m_AutoUVMaxAngle: 89
  m_LightmapParameters: {fileID: 0}
  m_SortingLayerID: 0
  m_SortingLayer: 0
  m_SortingOrder: 0
  m_AdditionalVertexStreams: {fileID: 0}
--- !u!64 &3363613531282268759
MeshCollider:
  m_ObjectHideFlags: 0
  m_CorrespondingSourceObject: {fileID: 0}
  m_PrefabInstance: {fileID: 0}
  m_PrefabAsset: {fileID: 0}
  m_GameObject: {fileID: 819922722965011698}
  m_Material: {fileID: 0}
  m_IsTrigger: 0
  m_Enabled: 1
  serializedVersion: 4
  m_Convex: 0
  m_CookingOptions: 30
  m_Mesh: {fileID: 4104380202958562290, guid: 95bbddc687402df4eb52a407b4501a12, type: 3}
--- !u!1 &2255359616365155232
GameObject:
  m_ObjectHideFlags: 0
  m_CorrespondingSourceObject: {fileID: 0}
  m_PrefabInstance: {fileID: 0}
  m_PrefabAsset: {fileID: 0}
  serializedVersion: 6
  m_Component:
  - component: {fileID: 4551436647710288004}
  - component: {fileID: 4098483767728555086}
  - component: {fileID: 6984162502829479347}
  - component: {fileID: 3363613530911264870}
  m_Layer: 10
  m_Name: Walls
  m_TagString: Untagged
  m_Icon: {fileID: 0}
  m_NavMeshLayer: 0
  m_StaticEditorFlags: 4294967295
  m_IsActive: 1
--- !u!4 &4551436647710288004
Transform:
  m_ObjectHideFlags: 0
  m_CorrespondingSourceObject: {fileID: 0}
  m_PrefabInstance: {fileID: 0}
  m_PrefabAsset: {fileID: 0}
  m_GameObject: {fileID: 2255359616365155232}
  m_LocalRotation: {x: -0.7071068, y: 0, z: -0, w: 0.7071067}
  m_LocalPosition: {x: -3.0870378, y: 0.3590287, z: 0}
  m_LocalScale: {x: 81.55203, y: 81.55203, z: 81.55203}
  m_Children: []
  m_Father: {fileID: 2965424444172127013}
  m_RootOrder: 2
  m_LocalEulerAnglesHint: {x: 0, y: 0, z: 0}
--- !u!33 &4098483767728555086
MeshFilter:
  m_ObjectHideFlags: 0
  m_CorrespondingSourceObject: {fileID: 0}
  m_PrefabInstance: {fileID: 0}
  m_PrefabAsset: {fileID: 0}
  m_GameObject: {fileID: 2255359616365155232}
  m_Mesh: {fileID: 2186430941476567602, guid: 95bbddc687402df4eb52a407b4501a12, type: 3}
--- !u!23 &6984162502829479347
MeshRenderer:
  m_ObjectHideFlags: 0
  m_CorrespondingSourceObject: {fileID: 0}
  m_PrefabInstance: {fileID: 0}
  m_PrefabAsset: {fileID: 0}
  m_GameObject: {fileID: 2255359616365155232}
  m_Enabled: 1
  m_CastShadows: 1
  m_ReceiveShadows: 1
  m_DynamicOccludee: 1
  m_StaticShadowCaster: 0
  m_MotionVectors: 1
  m_LightProbeUsage: 1
  m_ReflectionProbeUsage: 1
  m_RayTracingMode: 2
  m_RayTraceProcedural: 0
  m_RenderingLayerMask: 1
  m_RendererPriority: 0
  m_Materials:
  - {fileID: 2100000, guid: 32d96e0b46de1184e838184cf2eb206b, type: 2}
  m_StaticBatchInfo:
    firstSubMesh: 0
    subMeshCount: 0
  m_StaticBatchRoot: {fileID: 0}
  m_ProbeAnchor: {fileID: 0}
  m_LightProbeVolumeOverride: {fileID: 0}
  m_ScaleInLightmap: 1
  m_ReceiveGI: 1
  m_PreserveUVs: 0
  m_IgnoreNormalsForChartDetection: 0
  m_ImportantGI: 0
  m_StitchLightmapSeams: 1
  m_SelectedEditorRenderState: 3
  m_MinimumChartSize: 4
  m_AutoUVMaxDistance: 0.5
  m_AutoUVMaxAngle: 89
  m_LightmapParameters: {fileID: 0}
  m_SortingLayerID: 0
  m_SortingLayer: 0
  m_SortingOrder: 0
  m_AdditionalVertexStreams: {fileID: 0}
--- !u!64 &3363613530911264870
MeshCollider:
  m_ObjectHideFlags: 0
  m_CorrespondingSourceObject: {fileID: 0}
  m_PrefabInstance: {fileID: 0}
  m_PrefabAsset: {fileID: 0}
  m_GameObject: {fileID: 2255359616365155232}
  m_Material: {fileID: 0}
  m_IsTrigger: 0
  m_Enabled: 1
  serializedVersion: 4
  m_Convex: 0
  m_CookingOptions: 30
  m_Mesh: {fileID: 2186430941476567602, guid: 95bbddc687402df4eb52a407b4501a12, type: 3}
--- !u!1 &2480530661708108191
GameObject:
  m_ObjectHideFlags: 0
  m_CorrespondingSourceObject: {fileID: 0}
  m_PrefabInstance: {fileID: 0}
  m_PrefabAsset: {fileID: 0}
  serializedVersion: 6
  m_Component:
  - component: {fileID: 2965424444172127013}
  m_Layer: 10
  m_Name: SmallHouse
  m_TagString: Untagged
  m_Icon: {fileID: 0}
  m_NavMeshLayer: 0
  m_StaticEditorFlags: 4294967295
  m_IsActive: 1
--- !u!4 &2965424444172127013
Transform:
  m_ObjectHideFlags: 0
  m_CorrespondingSourceObject: {fileID: 0}
  m_PrefabInstance: {fileID: 0}
  m_PrefabAsset: {fileID: 0}
  m_GameObject: {fileID: 2480530661708108191}
  m_LocalRotation: {x: 0, y: 0.9095265, z: 0, w: 0.41564596}
  m_LocalPosition: {x: -57.849945, y: -20.21632, z: 4.044758}
  m_LocalScale: {x: 3.2158718, y: 3.2158718, z: 3.2158718}
  m_Children:
  - {fileID: 8203728050494796869}
  - {fileID: 3319510128192155141}
  - {fileID: 4551436647710288004}
  - {fileID: 798315555}
  - {fileID: 1321730698}
  m_Father: {fileID: 0}
  m_RootOrder: 0
  m_LocalEulerAnglesHint: {x: 0, y: 130.88, z: 0}
--- !u!1 &5277474844544413841
GameObject:
  m_ObjectHideFlags: 0
  m_CorrespondingSourceObject: {fileID: 0}
  m_PrefabInstance: {fileID: 0}
  m_PrefabAsset: {fileID: 0}
  serializedVersion: 6
  m_Component:
  - component: {fileID: 8203728050494796869}
  - component: {fileID: 224233109957265306}
  - component: {fileID: 1298524559410594711}
  - component: {fileID: 3363613530499036396}
  m_Layer: 10
  m_Name: Roof
  m_TagString: Untagged
  m_Icon: {fileID: 0}
  m_NavMeshLayer: 0
  m_StaticEditorFlags: 4294967295
  m_IsActive: 1
--- !u!4 &8203728050494796869
Transform:
  m_ObjectHideFlags: 0
  m_CorrespondingSourceObject: {fileID: 0}
  m_PrefabInstance: {fileID: 0}
  m_PrefabAsset: {fileID: 0}
  m_GameObject: {fileID: 5277474844544413841}
  m_LocalRotation: {x: -0.7071068, y: 0, z: -0, w: 0.7071067}
  m_LocalPosition: {x: 1.21, y: 3.5333092, z: 0}
  m_LocalScale: {x: 100, y: 100, z: 100}
  m_Children: []
  m_Father: {fileID: 2965424444172127013}
  m_RootOrder: 0
  m_LocalEulerAnglesHint: {x: 0, y: 0, z: 0}
--- !u!33 &224233109957265306
MeshFilter:
  m_ObjectHideFlags: 0
  m_CorrespondingSourceObject: {fileID: 0}
  m_PrefabInstance: {fileID: 0}
  m_PrefabAsset: {fileID: 0}
  m_GameObject: {fileID: 5277474844544413841}
  m_Mesh: {fileID: 3562073674547505438, guid: 95bbddc687402df4eb52a407b4501a12, type: 3}
--- !u!23 &1298524559410594711
MeshRenderer:
  m_ObjectHideFlags: 0
  m_CorrespondingSourceObject: {fileID: 0}
  m_PrefabInstance: {fileID: 0}
  m_PrefabAsset: {fileID: 0}
  m_GameObject: {fileID: 5277474844544413841}
  m_Enabled: 1
  m_CastShadows: 1
  m_ReceiveShadows: 1
  m_DynamicOccludee: 1
  m_StaticShadowCaster: 0
  m_MotionVectors: 1
  m_LightProbeUsage: 1
  m_ReflectionProbeUsage: 1
  m_RayTracingMode: 2
  m_RayTraceProcedural: 0
  m_RenderingLayerMask: 1
  m_RendererPriority: 0
  m_Materials:
  - {fileID: 2100000, guid: 32d96e0b46de1184e838184cf2eb206b, type: 2}
  m_StaticBatchInfo:
    firstSubMesh: 0
    subMeshCount: 0
  m_StaticBatchRoot: {fileID: 0}
  m_ProbeAnchor: {fileID: 0}
  m_LightProbeVolumeOverride: {fileID: 0}
  m_ScaleInLightmap: 1
  m_ReceiveGI: 1
  m_PreserveUVs: 0
  m_IgnoreNormalsForChartDetection: 0
  m_ImportantGI: 0
  m_StitchLightmapSeams: 1
  m_SelectedEditorRenderState: 3
  m_MinimumChartSize: 4
  m_AutoUVMaxDistance: 0.5
  m_AutoUVMaxAngle: 89
  m_LightmapParameters: {fileID: 0}
  m_SortingLayerID: 0
  m_SortingLayer: 0
  m_SortingOrder: 0
  m_AdditionalVertexStreams: {fileID: 0}
--- !u!64 &3363613530499036396
MeshCollider:
  m_ObjectHideFlags: 0
  m_CorrespondingSourceObject: {fileID: 0}
  m_PrefabInstance: {fileID: 0}
  m_PrefabAsset: {fileID: 0}
  m_GameObject: {fileID: 5277474844544413841}
  m_Material: {fileID: 0}
  m_IsTrigger: 0
  m_Enabled: 1
  serializedVersion: 4
  m_Convex: 0
  m_CookingOptions: 30
  m_Mesh: {fileID: 3562073674547505438, guid: 95bbddc687402df4eb52a407b4501a12, type: 3}
